<?xml version="1.0" encoding="UTF-8"?><collection xmlns="http://www.loc.gov/MARC21/slim"><record><leader>00412nam--2200169-i-4500</leader><controlfield tag="001">000032613</controlfield><controlfield tag="002">20161230</controlfield><controlfield tag="005">20170128174418</controlfield><controlfield tag="008">060222s1000------------r-----000-0-eng-d</controlfield><datafield ind1=" " ind2=" " tag="080"><subfield code="a">541.1(021)=2</subfield></datafield><datafield ind1=" " ind2=" " tag="100"><subfield code="a">Mee, A. J</subfield></datafield><datafield ind1=" " ind2=" " tag="245"><subfield code="a">Physical chemistry</subfield></datafield><datafield ind1=" " ind2=" " tag="250"><subfield code="a">third edition</subfield></datafield><datafield ind1=" " ind2=" " tag="260"><subfield code="a">London</subfield><subfield code="b">William Heinemann</subfield><subfield code="c">[1947]</subfield></datafield><datafield ind1=" " ind2=" " tag="300"><subfield code="a">XIX+782 p. +5f.Pl</subfield></datafield><datafield ind1=" " ind2=" " tag="852"><subfield code="a">1069</subfield></datafield><datafield ind1=" " ind2=" " tag="CAT"><subfield code="a">SYS</subfield><subfield code="c">20170128</subfield><subfield code="h">174418</subfield></datafield></record></collection>